@article{menzies2013software,
  title={Software analytics: so what?},
  author={Menzies, Tim and Zimmermann, Thomas},
  journal={Software, IEEE},
  volume={30},
  number={4},
  pages={31--37},
  year={2013},
  publisher={IEEE}
}



@INPROCEEDINGS{Zuluaga:13,
  AUTHOR =	 {M. Zuluaga and A. Krause and G.
                  Sergent and M. P{\"u}schel},
  TITLE =	 {Active Learning for Multi-Objective Optimization},
  BOOKTITLE =	 {International Conference on Machine Learning (ICML)},
  YEAR =	 2013,
  myremark =	 "PAL paper"
}


@article{krall15,
  author="J. Krall and T. Menzies and M. Davies",
  title="GALE: Geometric Active Learning for Search-Based Software Engineering",
  journal="To appear, IEEE Trans. Softw Eng.",
  year=2015}
  
@article{krall15:hm,
  title="Better Model-Based Analysis of Human Factors for Safe Aircraft Approach",
  author="J. Krall and T. Menzies and M. Davies",
  journal="To appear, IEEE Transactions on  Human Machine Systems",
  year=2015}
  
  
@thesis{mcburney12,
  author="P. McBurney",
  title="Understanding Search-Based Software Engineering",
  note="Masters Thesis, Computer Science,   West Virginia University",
  year=2012
  } 


@article{mitchell1982generalization,
  title={Generalization as search},
  author={T. Mitchell},
  journal={Artificial intelligence},
  volume={18},
  number={2},
  pages={203--226},
  year={1982},
  publisher={Elsevier}
}

@article{furnkranz05,
  author =	 {J. F\"{u}rnkranz and P. Flach},
  title =	 {ROC 'n' rule learning: towards a better
                  understanding of covering algorithms},
  journal =	 {Machine Learning},
  volume =	 58,
  number =	 1,
  year =	 2005,
  issn =	 {0885-6125},
  pages =	 {39--77},
  doi =		 {http://dx.doi.org/10.1007/s10994-005-5011-x},
  publisher =	 {Kluwer Academic Publishers},
  address =	 {Hingham, MA, USA},
}


@inproceedings{Coello05,
  title={DEMO: Differential evolution for multiobjective optimization},
  author={T. Robi{\v{c}} and B. Filipi{\v{c}}},
  booktitle={Evolutionary Multi-Criterion Optimization},
  pages={520--533},
  year={2005},
  organization={Springer}
}


@Book{cohen95,
  Author =	 "P. R. Cohen",
  Title =	 "Empirical Methods for Artificial Intelligence",
  Publisher =	 "MIT Press",
  Year =	 1995
}  


@article{holte93,
  author =	 "R.C. Holte",
  title =	 "Very Simple Classification Rules Perform Well on
                  Most Commonly Used Datasets",
  journal =	 "Machine Learning",
  volume =	 11,
  pages =	 63,
  year =	 1993
}
@article{mccabe1976complexity,
  title={A complexity measure},
  author={T. J. McCabe},
  journal={IEEE IEEE Trans. Softw Eng.},
  number={4},
  pages={308--320},
  year={1976},
  publisher={IEEE}
}
@article{deb05,
  author = {K. Deb and M. Mohan and S. Mishra},
 ee = {http://dx.doi.org/10.1162/106365605774666895},
  journal = {IEEE Trans. Evol. Comp.},
  keywords = {dblp},
  number = 4,
  pages = {501-525},
  title = {Evaluating the epsilon-Domination Based Multi-Objective Evolutionary Algorithm for a Quick Computation of Pareto-Optimal Solutions.},
  url = {http://dblp.uni-trier.de/db/journals/ec/ec13.html#DebMM05},
  volume = 13,
  year = 2005
}



@article{zhang07,
 author = {Q. Zhang and H. Li},
 title = {MOEA/D: A Multiobjective Evolutionary Algorithm Based on Decomposition},
 journal = {IEEE Trans. Evol. Comp},
 issue_date = {December 2007},
 volume = {11},
 number = {6},
 month = dec,
 year = {2007},
 issn = {1089-778X},
 pages = {712--731},
 numpages = {20},
 url = {http://dx.doi.org/10.1109/TEVC.2007.892759},
 doi = {10.1109/TEVC.2007.892759},
 acmid = {2221849},
 publisher = {IEEE Press},
 address = {Piscataway, NJ, USA},
 keywords = {Computational complexity, Pareto optimality, decomposition, evolutionary algorithm, multiobjective optimization},
} 

@article{Elish2008649,
title = "Predicting defect-prone software modules using support vector machines ",
journal = "Journal of Systems and Software ",
volume = "81",
number = "5",
pages = "649 - 660",
year = "2008",
issn = "0164-1212",
doi = "http://dx.doi.org/10.1016/j.jss.2007.07.040",
url = "http://www.sciencedirect.com/science/article/pii/S016412120700235X",
author = "K. O. Elish and M. O. Elish",
keywords = "Software metrics",
keywords = "Defect-prone modules",
keywords = "Support vector machines",
keywords = "Predictive models "
}




@inproceedings{Hassan:2009,
 author = {Hassan, Ahmed E.},
 title = {Predicting Faults Using the Complexity of Code Changes},
 booktitle = {Proceedings of the 31st International Conference on Software Engineering},
 series = {ICSE '09},
 year = {2009},
 isbn = {978-1-4244-3453-4},
 pages = {78--88},
 numpages = {11},
 url = {http://dx.doi.org/10.1109/ICSE.2009.5070510},
 doi = {10.1109/ICSE.2009.5070510},
 acmid = {1555024},
 publisher = {IEEE Computer Society},
 address = {Washington, DC, USA},
} 


@inproceedings{Nagappan:2008,
 author = {N. Nagappan and B. Murphy and V. Basili},
 title = {The Influence of Organizational Structure on Software Quality: An Empirical Case Study},
 booktitle ={ICSE '08},
 year = {2008},
 isbn = {978-1-60558-079-1},
 location = {Leipzig, Germany},
 pages = {521--530},
 numpages = {10},
 url = {http://doi.acm.org/10.1145/1368088.1368160},
 doi = {10.1145/1368088.1368160},
 acmid = {1368160},
 publisher = {ACM},
 keywords = {code churn, developers, empirical studies, failures, organizational structure, software mining},
} 


@inproceedings{Moser:2008,
 author = {R. Moser and W. Pedrycz and G. Succi},
 title = {A Comparative Analysis of the Efficiency of Change Metrics and Static Code Attributes for Defect Prediction},
 booktitle =  {ICSE '08},
 year = {2008},
 isbn = {978-1-60558-079-1},
 location = {Leipzig, Germany},
 pages = {181--190},
 numpages = {10},
 url = {http://doi.acm.org/10.1145/1368088.1368114},
 doi = {10.1145/1368088.1368114},
 acmid = {1368114},
 publisher = {ACM},
 keywords = {cost-sensitive classification, defect prediction, software metrics},
} 


@Article{mccabe76,
  title =	 "A Complexity Measure",
  author =	 "T.J. McCabe",
  pages =	 "308--320",
  journal =	 "IEEE Trans. Softw Eng.",
  ISSN =	 "0098-5589",
  year =	 1976,
  volume =	 2,
  month =	 dec,
  number =	 4,
}

@Book{halstead77,
  Author =	 "M.H. Halstead",
  Title =	 "Elements of Software Science",
  Publisher =	 "Elsevier ",
  Year =	 1977
}

@inproceedings{Bouktif06,
  title={Simulated annealing for improving software quality prediction},
  author = {S. Bouktif and H.Sahraoui and G. Antoniol},
  booktitle={Proceedings of the 8th annual conference on Genetic and evolutionary computation},
  pages={1893--1900},
  year={2006},
  organization={ACM}
}




@inproceedings{balogh12,
  title="Prediction of Software Development Modification Effort Enhanced by a Genetic Algorithm",
  author="G. Balogh and A. Vegh, and A. Beszedes",
  year=2012,
    booktitle="Symposium on Search Based Software Engineering"
    }

@inproceedings{leGoues12,
  author    = {C. Goues and
               M. Dewey{-}Vogt and
               S. Forrest and
               W. Weimer},
  title     = {A systematic study of automated program repair: 
            Fixing 55 out of 105
               bugs for {\textdollar}8 each},
  booktitle={ICSE 12},
  pages={3--13},
  year={2012},
  organization={IEEE}
}

@inproceedings{Weimer:2009,
 author = {W. Weimer and T. Nguyen and C. Le Goues and S. Forrest},
 title = {Automatically Finding Patches Using Genetic Programming},
 booktitle = {Proceedings of the 31st International Conference on Software Engineering},
 series = {ICSE '09},
 year = {2009},
 pages = {364--374},
 publisher = {IEEE Computer Society},
} 
@ARTICLE{Krogmann10, 
author={K. Krogmann and M. Kuperberg and R. Reussner}, 
journal={IEEE Trans. Softw Eng.}, 
title={Using Genetic Search for Reverse Engineering of Parametric Behavior Models for Performance Prediction}, 
year={2010}, 
month={Nov}, 
volume={36}, 
number={6}, 
pages={865-877}, 
}
 

@inproceedings{jia2013learning,
  title={Learning combinatorial interaction testing strategies using hyperheuristic search},
  author={Y. Jia and M. B. Cohen and M. Harman and J. Petke},
  booktitle={ICSE '15},
  year={2015},
  organization={IEEE}
}

@INPROCEEDINGS{Arcuri08, 
author={A. Arcuri and X. Yao}, 
booktitle={Evolutionary Computation, 2008. CEC 2008. (IEEE World Congress on Computational Intelligence). IEEE Congress on}, 
title={A novel co-evolutionary approach to automatic software bug fixing}, 
year={2008}, 
month={June}, 
pages={162-168}, 
keywords={formal specification;program debugging;program testing;sorting;automatic software bug fixing;buggy program;coevolutionary approach;formal specification;software engineering;software testing;sorting algorithm;Automatic programming;Automation;Computer bugs;Costs;Formal specifications;Genetic programming;Programming profession;Software debugging;Software performance;Software testing}, 
doi={10.1109/CEC.2008.4630793},}



@mastersthesis{papa13,
  author="V. Papakroni",
  title="Data Carving: Identifying and Removing Irrelevancies in the Data",
  school="Lane Department of Computer Science and Electrical Engineering, West Virginia Unviersity",
  year=2013
}


@inproceedings{rod12,
  title =	 "On Software Engineering Repositories and Their Open
                  Problems",
  author =	 "D. Rodriguez and I. Herraiz and R. Harrison",
  booktitle =	 "Proceedings RAISE'12",
  year =	 2012
}

@ONLINE{promise15,
  title = "The PROMISE Repository of empirical software engineering data",
  month = "Feb",
  year  = "2015",
  url  = "http://openscience.us/repo",
  author = "T. Menzies and
       C. Pape and 
       M. Rees-Jones
       "
}

@inproceedings{herzig2013predicting,
  title={Predicting defects using change genealogies},
  author={K. Herzig and S. Just and A. Rau and A. Zeller},
  booktitle={ISSRE '13},
  pages={118--127},
  year={2013},
  organization={IEEE}
}

@inproceedings{zimmermann2007predicting,
  title={Predicting defects for eclipse},
  author={T. Zimmermann and R. Premraj and A. Zeller},
  booktitle={ PROMISE'07},
  pages={9--9},
  year={2007},
  organization={IEEE}
}



@ARTICLE{me13a,
  author = {E. Kocaguneli and Tim Menzies and Jacky Keung and David Cok and
	Ray Madachy},
  title = {Active Learning and Effort Estimation: Finding the Essential Content
	of Software Effort Estimation Data},
  journal = {IEEE Trans. Softw Eng.},
  year = {2013},
  volume = {39},
  pages = {1040-1053},
  number = {8},
}


@article{me02k,
  title =	 "More Success and Failure Factors in Software Reuse",
  author =	 "T. Menzies and J.S. Di Stefano",
  journal =	 "IEEE Trans. Softw Eng.",
  year =	 2003,
  month =	 "May",
  note =	 "Available from
                  \url{http://menzies.us/pdf/02sereuse.pdf}",
  class =	 "hJ",
  volume = "29", 
  number = "5", 
  pages = "474-477", 

}


@article{hall11,
  author =	{T. Hall and S. Beecham and D. Bowes and
                  D. Gray and S. Counsell},
  title =	{A Systematic Review of Fault Prediction Performance
                  in Software Engineering},
  journal =	{IEEE Trans. Softw. Eng.},
  volume={38},
  number={6},
  pages={1276--1304},
  year={2012},
  publisher={IEEE}
}

@misc{turner06,
  author =	"J. Turner",
  title =	"A Predictive Approach to Eliminating Errors in
                  Software Code",
  year =	2006,
  note =	"Web page, Office of the NASA Chief Technologist,
                  \url{http://www.sti.nasa.gov/tto/Spinoff2006/ct_1.htm}"
}}


@article{fagan76,
  author =	"M. Fagan",
  title =	"Design and Code Inspections to Reduce Errors in
                  Program Development",
  journal =	"IBM Systems Journal",
  volume =	15,
  number =	3,
  year =	1976,
  page =	"182-211"
}
@inProceedings{shu02,
  author =	"F. Shull and V.R. Basili ad B. Boehm and A.W. Brown
                  and P. Costa and M. Lindvall and D. Port and I. Rus
                  and R. Tesoriero and M.V. Zelkowitz",
  title =	"What We Have Learned About Fighting Defects",
  booktitle =	"Proceedings of 8th International Software Metrics
                  Symposium, Ottawa, Canada",
  year =	2002,
  pages =	"249-258",
  organization={IEEE}
}


@book{rakitin01,
  author =	"S.R. Rakitin",
  title =	"Software Verification and Validation for
                  Practitioners and Managers, Second Edition",
  publisher =	"Artech House",
  isbn =	"1-58053-296-9",
  year =	2001
}
@inproceedings{me02f,
  title =	"Model-based Tests of Truisms",
  author =	"T. Menzies and D. Raffo and S. Setamanit
                  and Y. Hu and S. Tootoonian",
  booktitle =	"ASE '02",
  year =	2002,
  note =	"Available from
                  \url{http://menzies.us/pdf/02truisms.pdf}",
  class =	"hC"
}


@InProceedings{lowrey98,
  Author =	"M. Lowry and M. Boyd and D. Kulkarni",
  Title =	"Towards a Theory for Integration of Mathematical
                  Verification and Empirical Testing",
  Booktitle =	"ASE '98",
  Year =	1998,
  Pages =	"322-331"
}

@inproceedings{nagappan05,
author = {Nagappan, Nachiappan and Ball, Thomas},
 title = {Static Analysis Tools As Early Indicators of Pre-release Defect Density},
 booktitle =  {ICSE '05},
 year = {2005},
 isbn = {1-58113-963-2},
 location = {St. Louis, MO, USA},
 pages = {580--586},
 numpages = {7},

 acmid = {1062558},
 publisher = {ACM},

}
 @inproceedings{me02e,
  title =	"Metrics that Matter",
  author =	"T. Menzies and J.S. DiStefeno and M. Chapman
                  and K. McGill",
  booktitle =	"27th NASA SEL workshop on Software Engineering",
  year =	2002,
  note =	"Available from
                  \url{http://menzies.us/pdf/02metrics.pdf}",
  class =	"hW"
}

@inproceedings{me03a,
  title =	"When Can We Test Less?",
  author =	"Tim Menzies and J. D. Stefano and K. Ammar and
                  K. McGill and P. Callis and R. Chapman and J. Davis",
  year =	2003,
  booktitle =	"IEEE Metrics'03",
  note =	"Available from
                  \url{http://menzies.us/pdf/03metrics.pdf}",
  class =	"hC"
}

@article{bell2013limited,
  title={The limited impact of individual developer data on software defect prediction},
  author={R. M. Bell and T. J. Ostrand and E. J.  Weyuker},
  journal={Empirical Software Engineering},
  volume={18},
  number={3},
  pages={478--505},
  year={2013},
  publisher={Springer}
}


@article{me06d,
  author =	"T. Menzies and Z. Chen and J. Hihn and
                  K. Lum",
  year =	2006,
  month =	"November",
  title =	"Selecting Best Practices for Effort Estimation",
  journal =	"IEEE Trans. Softw Eng.",
  note =	"Available from
                  \url{http://menzies.us/pdf/06coseekmo.pdf}",
  class =	"hJ"
}

@inproceedings{tosun09,
  author =	"A. Tosun and A. Bener and B. Turhan",
  title =	"Practical Considerations of Deploying AI in Defect
                  Prediction: A Case Study within the {T}urkish
                  Telecommunication Industry",
  year =	2009,
  booktitle =	"PROMISE'09"
}

@article{minku13z,
 author = {L. L. Minku and X. Yao},
 title = {Software Effort Estimation As a Multiobjective Learning Problem},
 journal = {ACM Trans. Softw. Eng. Methodol.},
 issue_date = {October 2013},
 volume = {22},
 number = {4},
 month = oct,
 year = {2013},
 pages = {35:1--35:32},
 publisher = {ACM},
} 


@inproceedings{tosun10,
  author =	"A. Tosun and A. Bener and R. Kale",
  title =	"{AI}-Based Software Defect Predictors: Applications
                  and Benefits in a Case Study",
 booktitle={IAAI},
  year={2010}
}

@inproceedings{Minku13,
 author = {L. L. Minku and X. Yao},
 title = {An Analysis of Multi-objective Evolutionary Algorithms for Training Ensemble Models Based on Different Performance Measures in Software Effort Estimation},
 booktitle = {PROMISE '13},
 year = {2013},
 pages = {8:1--8:10},
 publisher = {ACM},

} 

@inproceedings{Mende:2009,
 author = {Mende, Thilo and Koschke, Rainer},
 title = {Revisiting the Evaluation of Defect Prediction Models},
 booktitle = {Proceedings of the 5th International Conference on Predictor Models in Software Engineering},
 series = {PROMISE '09},
 year = {2009},
 isbn = {978-1-60558-634-2},
 location = {Vancouver, British Columbia, Canada},
 pages = {7:1--7:10},
 articleno = {7},
 numpages = {10},
 url = {http://doi.acm.org/10.1145/1540438.1540448},
 doi = {10.1145/1540438.1540448},
 acmid = {1540448},
 publisher = {ACM},
 address = {New York, NY, USA},
 keywords = {cost-sensitive performance measures, defect prediction},
} 


@inproceedings{Mende:2010,
 author = {Mende, Thilo and Koschke, Rainer},
 title = {Effort-Aware Defect Prediction Models},
 booktitle = {Proceedings of the 2010 14th European Conference on Software Maintenance and Reengineering},
 series = {CSMR '10},
 year = {2010},
 isbn = {978-0-7695-4321-5},
 pages = {107--116},
 numpages = {10},
 url = {http://dx.doi.org/10.1109/CSMR.2010.18},
 doi = {10.1109/CSMR.2010.18},
 acmid = {1955974},
 publisher = {IEEE Computer Society},
 address = {Washington, DC, USA},
 keywords = {Defect Prediction Models, Evaluation, Cost-Benefits},
} 


@inproceedings{Allamanis:2014,
 author = {Allamanis, Miltiadis and Barr, Earl T. and Bird, Christian and Sutton, Charles},
 title = {Learning Natural Coding Conventions},
 booktitle = {Proceedings of the 22Nd ACM SIGSOFT International Symposium on Foundations of Software Engineering},
 series = {FSE 2014},
 year = {2014},
 isbn = {978-1-4503-3056-5},
 location = {Hong Kong, China},
 pages = {281--293},
 numpages = {13},
 url = {http://doi.acm.org/10.1145/2635868.2635883},
 doi = {10.1145/2635868.2635883},
 acmid = {2635883},
 publisher = {ACM},
 address = {New York, NY, USA},
 keywords = {Coding conventions, naturalness of software},
} 


@article{,
title = "Analysis of Naive Bayes’ assumptions on software fault data: An empirical study ",
journal = "Data & Knowledge Engineering ",
volume = "68",
number = "2",
pages = "278 - 290",
year = "2009",
note = "",
issn = "0169-023X",
doi = "http://dx.doi.org/10.1016/j.datak.2008.10.005",
url = "http://www.sciencedirect.com/science/article/pii/S0169023X08001535",
author = "Burak Turhan and Ayse Bener",
keywords = "Naive Bayes",
keywords = "Software defect prediction",
keywords = "Empirical study "
}


@inproceedings{Kim:2011,
 author = {Kim, Sunghun and Zhang, Hongyu and Wu, Rongxin and Gong, Liang},
 title = {Dealing with Noise in Defect Prediction},
 booktitle = {ICSE '11},
 year = {2011},
 isbn = {978-1-4503-0445-0},
 location = {Waikiki, Honolulu, HI, USA},
 pages = {481--490},
 numpages = {10},
 url = {http://doi.acm.org/10.1145/1985793.1985859},
 doi = {10.1145/1985793.1985859},
 acmid = {1985859},
 publisher = {ACM},
 keywords = {buggy changes, buggy files, data quality, defect prediction, noise resistance},
} 



@article{scikit-learn,
 title={Scikit-learn: Machine Learning in {P}ython},
 author={F. Pedregosa and G. Varoquaux and A. Gramfort and V. Michel
         and B. Thirion and O. Grisel and M. Blondel and P. Prettenhofer
         and R. Weiss and V. Dubourg and J. Vanderplas and A. Passos and
         D. Cournapeau and M. Brucher and M. Perrot and E. Duchesnay},
 journal={Journal of Machine Learning Research},
 volume={12},
 pages={2825--2830},
 year={2011}
}

@INPROCEEDINGS{4271036, 
author={Pelayo, L. and Dick, S.}, 
booktitle={Fuzzy Information Processing Society, 2007. NAFIPS '07. Annual Meeting of the North American}, 
title={Applying Novel Resampling Strategies To Software Defect Prediction}, 
year={2007}, 
month={June}, 
pages={69-72}, 
keywords={learning (artificial intelligence);sampling methods;software metrics;software performance evaluation;software reliability;SMOTE technique;benchmark datasets;defect-prone modules;geometric mean classification accuracy;learning algorithms;machine learning;over-sampling minority-class examples;resampling strategy;software complexity;software defect prediction;software reliability;software sophistication;unbalanced datasets;Computer errors;Costs;Joining processes;Machine learning;Machine learning algorithms;Nearest neighbor searches;Sampling methods;Software algorithms;Software reliability;Testing}, 
doi={10.1109/NAFIPS.2007.383813},}

@book{me15:book1,
  title="Sharing Data and Models in Software Engineering",
  author="T. Menzies and E. Kocaguneli and L. Minku and F. Peters and B. Turhan",
  publisher="Morgan Kaufmann",
  year=2015
  }
  
@book{li08:book,
 author = {M. Li and P. Vitnyi},
 title = {An Introduction to Kolmogorov Complexity and Its Applications},
 year = {2008}, 
 edition = {3},
 publisher = {Springer Publishing Company, Incorporated},
} 

@inproceedings{Peters2015,
author = {Peters, Fayola and Menzies, Tim and Layman, Lucas},
booktitle = {ICSE'15},
title = {{LACE2: Better Privacy-Preserving Data Sharing for Cross Project Defect Prediction}},
year = {2015}
}


@inproceedings{lewis13,
 author = {C. Lewis and Z. Lin and C. Sadowski and X. Zhu and R. Ou and E. J. Whitehead Jr},
 title = {Does Bug Prediction Support Human Developers? Findings from a Google Case Study},
 booktitle =  {ICSE '13},
 year = {2013},
 pages = {372--381},
 publisher = {IEEE},
} 


@inproceedings{cora10,
  author =	 {A. Corazza and S. Di Martino and F. Ferrucci and
              C. Gravino and F. Sarro and E. Mendes},
  title =	 {How effective is Tabu search to configure support
                  vector regression for effort estimation?},
  booktitle = {PROMISE '10},
  year =	 2010,
  pages =	 {4:1--4:10},
}

@inproceedings{rahman14:icse,
  title="Comparing Static Bug Finders and Statistical Prediction",
  author="F.  Rahman and S.  Khatri and E. Barr and P. Devanbu",
  booktitle= {ICSE 2014},
 year = {2014},
 isbn = {978-1-4503-2756-5},
 location = {Hyderabad, India},
 pages = {424--434},
 numpages = {11},
 url = {http://doi.acm.org/10.1145/2568225.2568269},
 doi = {10.1145/2568225.2568269},
 acmid = {2568269},
 publisher = {ACM},
  }


@article{me07b,
  author =	"T. Menzies and J. Greenwald and A. Frank",
  year =	2007,
  month =	"Jan",
  volume={33}, 
  number={1}, 
  pages={2-13}, 
  title =	"Data Mining Static Code Attributes to Learn Defect
                  Predictors",
  journal =	"IEEE Trans. Softw Eng.",
  note =	"Available from
                  \url{http://menzies.us/pdf/06learnPredict.pdf}",
  class =	"hJ", 
}


@article{lessmann2008benchmarking,
  title={Benchmarking classification models for software defect prediction: A proposed framework and novel findings},
  author={S. Lessmann and B. Baesens and C. Mues and S. Pietsch},
  journal={IEEE Trans. Softw Eng.},
  volume={34},
  number={4},
  pages={485--496},
  year={2008},
  publisher={IEEE}
}


@inproceedings{fea02a,
  title =	"Converging on the Optimal Attainment of
                  Requirements",
  author =	"M. S. Feather and T. Menzies",
  booktitle =	"IEEE Joint Conference On Requirements Engineering
                  ICRE'02 and RE'02",
  year =	2002,
  note =	"Available from
                  \url{http://menzies.us/pdf/02re02.pdf}",
  class =	"hC"
}

@article{menzies2010defect,
  title={Defect prediction from static code features: current results, limitations, new approaches},
  author={T. Menzies and Z. Milton and B. Turhan and B. Cukic and Y. Jiang and A. Bener },
  journal={Automated Software Engineering},
  volume={17},
  number={4},
  pages={375--407},
  year={2010},
  publisher={Springer}
}

@inproceedings{Menzies:2008aa,
 author = {T. Menzies and B. Turhan and A. Bener and G. Gay and B. Cukic and Y. Jiang},
 title = {Implications of Ceiling Effects in Defect Predictors},
 booktitle = {Proceedings of the 4th International Workshop on Predictor Models in Software Engineering},
 series = {PROMISE '08},
 year = {2008},
 isbn = {978-1-60558-036-4},
 location = {Leipzig, Germany},
 pages = {47--54},
 numpages = {8},
 url = {http://doi.acm.org/10.1145/1370788.1370801},
 doi = {10.1145/1370788.1370801},
 acmid = {1370801},
 publisher = {ACM},

} 


@inproceedings{jiang2008can,
  title={Can data transformation help in the detection of fault-prone modules?},
  author={Y. Jiang and B. Cukic and T. Menzies},
  booktitle={Proceedings of the 2008 workshop on Defects in large software systems},
  pages={16--20},
  year={2008},
  organization={ACM}
}

@article{Glover1986563,
Author = {F. Glover and C. McMillan},
Date-Added = {2014-10-03 05:01:38 +0000},
Date-Modified = {2014-10-03 05:01:38 +0000},
Issn = {0305-0548},
Journal = {Computers \& Operations Research},
Number = 5,
Pages = {563 - 573},
Title = {The general employee scheduling problem. An integration of MS and AI},
Volume = 13,
Year = 1986}



@inproceedings{andrews07,
  author =	"J.H. Andrews and F.C.H. Li and T. Menzies ",
  title =	"Nighthawk: A Two-Level Genetic-Random Unit Test Data
                  Generator ",
  booktitle =	"IEEE ASE'07",
  year =	2007,
  note =	"Available from
                  \url{http://menzies.us/pdf/07ase-nighthawk.pdf}",
  class =	"hC"
}

@article{andrews10,
  author =	{J. H. Andrews and T. Menzies and F. C. H. Li},
  title =	{Genetic Algorithms for Randomized Unit Testing},
  journal =	{IEEE Trans. Softw Eng.},
  year =	2010,
  month =	"March",
  note =	"Available from
                  \url{http://menzies.us/pdf/10nighthawk.pdf}",
  class =	"hJ"
}





@article{menzies2013local,
  title={Local versus global lessons for defect prediction and effort estimation},
  author={T. Menzies and A. Butcher and D. Cok and A. Marcus and L. Layman and F. Shull and B. Turhan  and T. Zimmermann },
  journal={IEEE Trans. Softw Eng.},
  volume={39},
  number={6},
  pages={822--834},
  year={2013},
  publisher={IEEE}
}

@article{song2011general,
  title={A general software defect-proneness prediction framework},
  author={Q. Song and Z. Jia and M. Shepperd  and S. Ying  and J. Liu},
  journal={IEEE Trans. Softw Eng.},
  volume={37},
  number={3},
  pages={356--370},
  year={2011},
  publisher={IEEE}
}

@article{storn1997differential,
  title={Differential evolution--a simple and efficient heuristic for global optimization over continuous spaces},
  author={R. Storn  and K. Price},
  journal={Journal of global optimization},
  volume={11},
  number={4},
  pages={341--359},
  year={1997},
  publisher={Springer}
}


@book{saltelli00,
  title =	"Sensitivity Analysis",
  author =	"A. Saltelli and K. Chan and E.M. Scott",
  publisher =	"Wiley",
  year =	2000
}

@phdthesis{baker07,
author = {Baker, Dan},
file = {:Users/timm/svns/doc/cost/07Baker.pdf:pdf},
school = {Lane Department of Computer Science and Electrical Engineering, West Virginia University},
title = {{A Hybrid Approach to Expert and Model-based Effort Estimation}},
year = {2007}
}


@book{Witten05,
address = {Los Altos, US},
author = {Witten, Ian H and Frank, Eibe},
publisher = {Morgan Kaufmann},
title = {{Data mining. 2nd edition}},
year = {2005}
}



@inproceedings{omran2005differential,
  title={Differential evolution methods for unsupervised image classification},
  author={M. Omran and A. P. Engelbrecht and A. Salman},
  booktitle={IEEE Congress on Evolutionary Computation '05},
  volume={2},
  pages={966--973},
  year={2005}
}


@inproceedings{goldberg79,
  author =	"A. Goldberg",
  year =	1979,
  title =	"On the complexity of the satisfiability problem",
  booktitle =	" Courant Computer Science conference, No. 16, New York
                  University, NY"
}


@inproceedings{chiha2012tuning,
  title={Tuning PID controller with multi-objective differential evolution},
  author={I. Chiha and J. Ghabi and N. Liouane},
  booktitle={ISCCSP '12},
  pages={1--4},
  year={2012},
  organization={IEEE}
}

@book{faloutsos1995fastmap,
  title={FastMap: A fast algorithm for indexing, data-mining and visualization of traditional and multimedia datasets},
  author={C. Faloutsos  and K. Lin},
  volume={24},
  number={2},
  year={1995},
  publisher={ACM}
}

@inproceedings{irani1993multi,
  title={Multi-interval discretization of continuous-valued attributes for classification learning},
  author={K. B. Irani},
  booktitle={Thirteenth International Joint Conference on Artificial Intelligence},
  pages = {1022--1027},
  year={1993}
}

@book{breiman84,
author = "L. Breiman and J. H. Friedman and R. A. Olshen and
C. J. Stone",
title = "Classification and Regression Trees",
institution = "Wadsworth International, Monterey, CA",
year = 1984,
annote = "cart algorithm"
}


@article{Beausoleil2006426,
  title =	"{MOSS}: multiobjective scatter search applied to
                  non-linear multiple criteria optimization",
  journal =	"European Journal of Operational Research",
  volume =	169,
  number =	2,
  pages =	"426 - 449",
  year =	2006,
  issn =	"0377-2217",
  author =	"R. P. Beausoleil",
  keywords =	"Multiple objectives",
  keywords =	"Metaheuristics",
  keywords =	"Tabu search",
  keywords =	"Scatter search",
  keywords =	"Nonlinear optimization"
}


@ARTICLE{Molina05sspmo:a,
  author =	{J. Molina and M. Laguna and R. Marti and
                  R. Caballero},
  title =	{SSPMO: A scatter tabu search procedure for
                  non-linear multiobjective optimization},
  journal =	{INFORMS Journal on Computing},
  year =	2005
}

 

@misc{brieman00,
  title= "Random Forests",
  author="L. Breiman and A. Cutler",
 year=2001,
 note="https://www.stat.berkeley.edu/~breiman/RandomForests"
}

@inproceedings{guo2004robust,
  title={Robust prediction of fault-proneness by random forests},
  author={Guo, Lan and Ma, Yan and Cukic, Bojan and Singh, Harshinder},
  booktitle={ISSRE '04},
  pages={417--428},
  year={2004},
  organization={IEEE}
}

@inproceedings{cora10,
Author = {A. Corazza and S. D. Martino and F. Ferrucci and C. Gravino and F. Sarro and E. Mendes},
Booktitle = {PROMISE '10},
Date-Added = {2014-10-03 05:01:38 +0000},
Date-Modified = {2014-10-03 05:01:38 +0000},
Pages = {4:1--4:10},

Title = {How effective is Tabu search to configure support vector regression for effort estimation?},
Year = 2010}


@article{parnas72,
 author = {D. L. Parnas},
 title = {On the Criteria to Be Used in Decomposing Systems into Modules},
 journal = {Commun. ACM},
 issue_date = {Dec. 1972},
 volume = {15},
 number = {12},
 month = dec,
 year = {1972},
 issn = {0001-0782},
 pages = {1053--1058},
 numpages = {6},
 url = {http://doi.acm.org/10.1145/361598.361623},
 doi = {10.1145/361598.361623},
 acmid = {361623},
 publisher = {ACM},
 keywords = {KWIC index, modularity, modules, software, software design, software engineering},
} 

@inproceedings{pan08,
  author =	"H. Pan and M. Zheng and X. Han",
  title =	"Particle Swarm-Simulated Annealing Fusion Algorithm
                  and its Application in Function Optimization",
  pages =	"78-81",
  year =	2008,
  booktitle =	"International Conference on Computer Science and
                  Software Engineering"
}

 
@inproceedings{Vesterstrom04,
author = {J. Vesterstrom and R. Thomsen},
title = {{A comparative study of differential evolution, particle swarm optimization, and evolutionary algorithms on numerical benchmark problems}},
booktitle = {IEEE Congress on Evolutionary Computation '04},
year = {2004},
doi = {10.1109/CEC.2004.1331139},
masid = {50366534}
}

 
@INPROCEEDINGS{5583335, 
author={W. Huang and H. Li}, 
booktitle={ICNC '10}, 
title={On the differential evolution schemes in MOEA/D}, 
year={2010}, 
month={Aug}, 
volume={6}, 
pages={2788-2792}, 
}

@ARTICLE{4455350,
  author =	 {A. J. Nebro and F. Luna and E. Alba and
                  B. Dorronsoro and J. J. Durillo and A. Beham },
  journal =	 {IEEE Trans. Evol. Comp.},
  title={AbYSS: Adapting scatter search to multiobjective optimization},
  volume={12},
  number={4},
  pages={439--457},
  year={2008},
  publisher={IEEE}
}

@article{khoshgoftaar1999logistic,
  title={Logistic regression modeling of software quality},
  author={T. M. Khoshgoftaar and E. B. Allen},
  journal={International Journal of Reliability, Quality and Safety Engineering},
  volume={6},
  number={04},
  pages={303--317},
  year={1999},
  publisher={World Scientific}
}

@article{zhang2007comments,
  title={Comments on ?Data mining static code attributes to learn defect predictors?},
  author={H. Zhang and X. Zhang},
  journal={IEEE Trans. Softw Eng.},
  volume={33},
  number={9},
  pages={635},
  year={2007}
}


@inproceedings{rahman12,
   title="Recalling the 'Imprecision' of Cross-Project Defect Prediction",
   author="F. Rahman and  D. Posnett and P. Devanbu",
   year=2012,
   booktitle="FSE'12",
    isbn = {978-1-4503-1614-9},
    location = {Cary, North Carolina},
    pages = {61:1--61:11},
    articleno = {61},
    numpages = {11},
    url = {http://doi.acm.org/10.1145/2393596.2393669},
    doi = {10.1145/2393596.2393669},
    acmid = {2393669},
    publisher = {ACM},
}   



@inProceedings{me09f,
title="Can We Build Software Faster and Better and Cheaper?",
author="T. Menzies and O. El-Rawas and J. Hihn and B. Boehm",
booktitle="PROMISE'09",
year=2009,
note="Available from \url{http://menzies.us/pdf/09bfc.pdf}",
class="hC"
}
@inproceedings{me09a,
author="T. Menzies and S. Williams and O. El-Rawas and B. Boehm and J. Hihn",
title="How to Avoid Drastic Software Process Change (using Stochastic Stability)",
year=2009,
booktitle="ICSE'09",
note="Available from \url{http://menzies.us/pdf/08drastic.pdf}",
        class="hC"
}
proceedings{DBLP:conf/gecco/2011,
  editor    = {N. Krasnogor and
               P. Lanzi},
  title     = {13th Annual Genetic and Evolutionary Computation Conference,
               GECCO 2011, Proceedings, Dublin, Ireland, July 12-16, 2011},
  booktitle = {GECCO },
  publisher = {ACM},
  year      = {2011},
  isbn      = {978-1-4503-0557-0},
  bibsource = {DBLP, http://dblp.uni-trier.de}
}


@inproceedings{me07f,
author="T. Menzies and O. El-Rawas and J. Hihn and M. Feather and
B. Boehm and R. Madachy",
title="The Business Case for Automated Software Engineerng",
booktitle = {ASE '07},
year = {2007},
pages = {303--312},
publisher = {ACM},
class="hC",
note="Available from \url{http://menzies.us/pdf/07casease-v0.pdf}"
}

@article{elrawas10,
title="A Second Look at Faster, Better, Cheaper",
author="O. El-Rawas and T. Menzies",
journal="Innovations Systems and Software Engineering",
year=2010,
volume="6",
        number="4", 
pages="319-335",
note="Available from \url{http://menzies.us/pdf/10bfc.pdf}",
    class="hJ"
}

@mastersthesis{elrawas08,
author="O. El-Rawas",
year=2008,
title="Software Process Control Without Calibration",
        school="Lane Department of Computer Science and Electrical Engineering, West Virginia University",
note="Available from \url{http://unbox.org/wisp/var/ous/thesis/thesis.pdf}"
}

@inproceedings{Green,
 author = {P. Green II and T. Menzies and S. Williams and O. El-Rawas},
 title = {Understanding the Value of Software Engineering Technologies},
 booktitle = {ASE '09},
 year = {2009},
 isbn = {978-0-7695-3891-4},
 pages = {52--61},
 numpages = {10},
 url = {http://dx.doi.org/10.1109/ASE.2009.93},
 doi = {10.1109/ASE.2009.93},
 acmid = {1747508},
 publisher = {IEEE},
} 

@article{anda09,
  author    = {B. Anda and
               D. I. K. Sj{\o}berg and
               A. Mockus},
  title     = {Variability and Reproducibility in Software Engineering:
               A Study of Four Companies that Developed the Same System},
  journal   = {IEEE Trans. Softw Eng.},
  volume    = {35},
  number    = {3},
  year      = {2009},
  pages     = {407-429},
}

@article{huang06,
  author    = {L. Huang and
               B. W. Boehm},
  title     = {How Much Software Quality Investment Is Enough: A Value-Based
               Approach},
  journal   = {IEEE Software},
  volume    = {23},
  number    = {5},
  year      = {2006},
  pages     = {88-95},
}
@inproceedings{hindle12,
  author    = {A. Hindle},
  title     = {Green mining: Investigating power consumption across versions},
  booktitle = {ICSE '12},
  year      = {2012},
  pages     = {1301-1304},
  ee        = {http://dx.doi.org/10.1109/ICSE.2012.6227094},
  crossref  = {DBLP:conf/icse/2012},
  bibsource = {DBLP, http://dblp.uni-trier.de}
}
@inproceedings{yin11,
 author = {Z. Yin and D. Yuan and Y. Zhou and S. Pasupathy and L. Bairavasundaram},
 title = {How do fixes become bugs?},
 booktitle =  {ESEC/FSE '11},
 year = {2011},
 pages = {26--36},
} 

@inproceedings{ostrand04,
 author = {T. J. Ostrand and E. J. Weyuker and R. M. Bell},
 title = {Where the bugs are},
 booktitle = {ISSTA '04},
 year = {2004},
 pages = {86--96},
 publisher = {ACM}
}
@Article{hayes06,
  title =	"Advancing Candidate Link Generation for Requirements
Tracing: The Study of Methods",
  author =	"J. H. Hayes and A. Dekhtyar and S.
K. Sundaram",
  journal =	"IEEE Trans. Softw Eng.",
  year = "2006",
  number =	"1",
  volume =	"32",
  bibdate =	"2006-08-22",
  bibsource =	"DBLP,
http://dblp.uni-trier.de/db/journals/tse/tse32.html#HayesDS06",
  pages =	"4--19",
  URL =  	"http://doi.ieeecomputersociety.org/10.1109/TSE.2006.3",
}


@article{kirkpatrick83,
  author =	"S. Kirkpatrick and C. D. Gelatt and M. P. Vecchi",
  title =	"Optimization by Simulated Annealing",
  journal =	"Science, Number 4598, 13 May 1983",
  volume =	"220, 4598",
  pages =	"671--680",
  year =	1983,
  url =	"citeseer.nj.nec.com/kirkpatrick83optimization.html"
}

@article{Catal20091040,
title = "Investigating the effect of dataset size, metrics sets, and feature selection techniques on software fault prediction problem ",
journal = "Information Sciences ",
volume = "179",
number = "8",
pages = "1040 - 1058",
year = "2009",
note = "",
issn = "0020-0255",
doi = "http://dx.doi.org/10.1016/j.ins.2008.12.001",
url = "http://www.sciencedirect.com/science/article/pii/S0020025508005173",
author = "Cagatay Catal and Banu Diri",
keywords = "Machine learning",
keywords = "Artificial Immune Systems",
keywords = "Software fault prediction",
keywords = "J48",
keywords = "Random Forests",
keywords = "Naive Bayes "
}

@article{Gao:2011,
 author = {K. Gao and T. M. Khoshgoftaar and H. Wang and N. Seliya},
 title = {Choosing Software Metrics for Defect Prediction: An Investigation on Feature Selection Techniques},
 journal = {Softw. Pract. Exper.},
 issue_date = {April 2011},
 volume = {41},
 number = {5},
 month = apr,
 year = {2011},
 issn = {0038-0644},
 pages = {579--606},
 numpages = {28},
 url = {http://dx.doi.org/10.1002/spe.1043},
 doi = {10.1002/spe.1043},
 acmid = {1967103},
 publisher = {John Wiley \& Sons, Inc.},
 address = {New York, NY, USA},
 keywords = {attribute selection, defect prediction, feature ranking, feature subset selection, search-based software engineering, software metric, software quality},
} 


@article{Bergstra2012,
author = {J. Bergstra and Y. Bengio},
isbn = {1532-4435},
issn = {1532-4435},
journal = {Journal of Machine Learning Research},
keywords = {deep learning,global optimization,model selection,neural networks,response surface},
pages = {281--305},
title = {{Random Search for Hyper-Parameter Optimization}},
volume = {13},
year = {2012}
}


@article{mittas2013ranking,
  title={Ranking and clustering software cost estimation models through a multiple comparisons algorithm},
  author={N. Mittas and L. Angelis},
  journal={IEEE Trans. Softw Eng.},
  volume={39},
  number={4},
  pages={537--551},
  year={2013},
  publisher={IEEE}
}


@inproceedings{arisholm06,
  author =	"E. Arisholm and L.  Briand",
  title =	"Predicting Fault-prone Components in a Java Legacy
                  System",
  booktitle =	" ISESE '06",
  year =	2006,
  note =	"Available from
                  \url{http://simula.no/research/engineering/publications/Arisholm.2006.4}"
}

@inproceedings{rahman2013how,
  title={How, and why, process metrics are better},
  author={F. Rahman and P. Devanbu},
  booktitle={ICSE '13},
  pages={432--441},
  year={2013},
  publisher={IEEE Press}
}



@inproceedings{FayIra93Multi,
  author =	 {U. M. Fayyad and I. H. Irani},
  title =	 {Multi-interval Discretization of Continuous-valued
                  Attributes for Classification Learning},
  booktitle =	 {Proceedings of the Thirteenth International Joint
                  Conference on Artificial Intelligence},
  pages =	 {1022--1027},
  year =	 1993
}


@article{deb2014evolutionary,
  title={An evolutionary many-objective optimization algorithm using reference-point-based nondominated sorting approach, part I: solving problems with box constraints},
  author={Deb, Kaushik and Jain, Himanshu},
  journal={ IEEE Trans. Evol. Comp},
  volume={18},
  number={4},
  pages={577--601},
  year={2014},
  publisher={IEEE}
}


@inproceedings{bettenburg2008makes,
  title={What makes a good bug report?},
  author={Bettenburg, Nicolas and Just, Sascha and Schr{\"o}ter, Adrian and Weiss, Cathrin and Premraj, Rahul and Zimmermann, Thomas},
  booktitle={Proceedings of the 16th ACM SIGSOFT International Symposium on Foundations of software engineering},
  pages={308--318},
  year={2008},
  organization={ACM}
}

@inproceedings{sun2010discriminative,
  title={A discriminative model approach for accurate duplicate bug report retrieval},
  author={Sun, Chengnian and Lo, David and Wang, Xiaoyin and Jiang, Jing and Khoo, Siau-Cheng},
  booktitle={Proceedings of the 32nd ACM/IEEE International Conference on Software Engineering-Volume 1},
  pages={45--54},
  year={2010},
  organization={ACM}
}

@inproceedings{nguyen2012duplicate,
  title={Duplicate bug report detection with a combination of information retrieval and topic modeling},
  author={Nguyen, Anh Tuan and Nguyen, Tung Thanh and Nguyen, Tuan N and Lo, Daniel and Sun, Chengnian},
  booktitle={Automated Software Engineering (ASE), 2012 Proceedings of the 27th IEEE/ACM International Conference on},
  pages={70--79},
  year={2012},
  organization={IEEE}
}

@inproceedings{alipour2013contextual,
  title={A contextual approach towards more accurate duplicate bug report detection},
  author={Alipour, Anahita and Hindle, Abram and Stroulia, Eleni},
  booktitle={Proceedings of the 10th Working Conference on Mining Software Repositories},
  pages={183--192},
  year={2013},
  organization={IEEE Press}
}

@inproceedings{jalbert2008automated,
  title={Automated duplicate detection for bug tracking systems},
  author={Jalbert, Nicholas and Weimer, Westley},
  booktitle={Dependable Systems and Networks With FTCS and DCC, 2008. DSN 2008. IEEE International Conference on},
  pages={52--61},
  year={2008},
  organization={IEEE}
}

@inproceedings{antoniol2008bug,
  title={Is it a bug or an enhancement?: a text-based approach to classify change requests},
  author={Antoniol, Giuliano and Ayari, Kamel and Di Penta, Massimiliano and Khomh, Foutse and Gu{\'e}h{\'e}neuc, Yann-Ga{\"e}l},
  booktitle={Proceedings of the 2008 conference of the center for advanced studies on collaborative research: meeting of minds},
  pages={23},
  year={2008},
  organization={ACM}
}

@inproceedings{zanetti2013categorizing,
  title={Categorizing bugs with social networks: a case study on four open source software communities},
  author={Zanetti, Marcelo Serrano and Scholtes, Ingo and Tessone, Claudio Juan and Schweitzer, Frank},
  booktitle={Proceedings of the 2013 International Conference on Software Engineering},
  pages={1032--1041},
  year={2013},
  organization={IEEE Press}
}

@inproceedings{lamkanfi2011comparing,
  title={Comparing mining algorithms for predicting the severity of a reported bug},
  author={Lamkanfi, Ahmed and Demeyer, Serge and Soetens, Quinten David and Verdonck, Tim},
  booktitle={Software Maintenance and Reengineering (CSMR), 2011 15th European Conference on},
  pages={249--258},
  year={2011},
  organization={IEEE}
}

@inproceedings{tian2013drone,
  title={Drone: Predicting priority of reported bugs by multi-factor analysis},
  author={Tian, Yuan and Lo, David and Sun, Chengnian},
  booktitle={2013 IEEE International Conference on Software Maintenance},
  pages={200--209},
  year={2013},
  organization={IEEE}
}

@inproceedings{anvik2006should,
  title={Who should fix this bug?},
  author={Anvik, John and Hiew, Lyndon and Murphy, Gail C},
  booktitle={Proceedings of the 28th international conference on Software engineering},
  pages={361--370},
  year={2006},
  organization={ACM}
}

@inproceedings{bhattacharya2010fine,
  title={Fine-grained incremental learning and multi-feature tossing graphs to improve bug triaging},
  author={Bhattacharya, Pamela and Neamtiu, Iulian},
  booktitle={Software Maintenance (ICSM), 2010 IEEE International Conference on},
  pages={1--10},
  year={2010},
  organization={IEEE}
}

@inproceedings{lin2009empirical,
  title={An empirical study on bug assignment automation using Chinese bug data},
  author={Lin, Zhongpeng and Shu, Fengdi and Yang, Ye and Hu, Chenyong and Wang, Qing},
  booktitle={Empirical software engineering and measurement, 2009. ESEM 2009. 3rd international symposium on},
  pages={451--455},
  year={2009},
  organization={IEEE}
}

@article{dejaeger2012data,
  title={Data mining techniques for software effort estimation: a comparative study},
  author={Dejaeger, Karel and Verbeke, Wouter and Martens, David and Baesens, Bart},
  journal={Software Engineering, IEEE Transactions on},
  volume={38},
  number={2},
  pages={375--397},
  year={2012},
  publisher={IEEE}
}
@article{kocaguneli2012value,
  title={On the value of ensemble effort estimation},
  author={Kocaguneli, Ekrem and Menzies, Tim and Keung, Jacky W},
  journal={Software Engineering, IEEE Transactions on},
  volume={38},
  number={6},
  pages={1403--1416},
  year={2012},
  publisher={IEEE}
}

@inproceedings{da2014empirical,
  title={An empirical study of delays in the integration of addressed issues},
  author={da Costa, Daniel Alencar and Abebe, Surafel Lemma and McIntosh, Shane and Kulesza, Uir{a} and Hassan, Ahmed E},
  booktitle={2014 IEEE International Conference on Software Maintenance and Evolution (ICSME)},
  pages={281--290},
  year={2014},
  organization={IEEE}
}

@inproceedings{choetkiertikul2015predicting,
  title={Predicting Delays in Software Projects Using Networked Classification (T)},
  author={Choetkiertikul, Morakot and Dam, Hoa Khanh and Tran, Truyen and Ghose, Aditya},
  booktitle={Automated Software Engineering (ASE), 2015 30th IEEE/ACM International Conference on},
  pages={353--364},
  year={2015},
  organization={IEEE}
}

@article{shin2011evaluating,
  title={Evaluating complexity, code churn, and developer activity metrics as indicators of software vulnerabilities},
  author={Shin, Yonghee and Meneely, Andrew and Williams, Laurie and Osborne, Jason A},
  journal={Software Engineering, IEEE Transactions on},
  volume={37},
  number={6},
  pages={772--787},
  year={2011},
  publisher={IEEE}
}

@inproceedings{scandariato2012predicting,
  title={Predicting vulnerable classes in an Android application},
  author={Scandariato, Riccardo and Walden, James},
  booktitle={Proceedings of the 4th international workshop on Security measurements and metrics},
  pages={11--16},
  year={2012},
  organization={ACM}
}
@inproceedings{medeiros2014automatic,
  title={Automatic detection and correction of web application vulnerabilities using data mining to predict false positives},
  author={Medeiros, Ib{\'e}ria and Neves, Nuno F and Correia, Miguel},
  booktitle={Proceedings of the 23rd international conference on World wide web},
  pages={63--74},
  year={2014},
  organization={ACM}
}

@article{hall2009weka,
  title={The WEKA data mining software: an update},
  author={Hall, Mark and Frank, Eibe and Holmes, Geoffrey and Pfahringer, Bernhard and Reutemann, Peter and Witten, Ian H},
  journal={ACM SIGKDD explorations newsletter},
  volume={11},
  number={1},
  pages={10--18},
  year={2009},
  publisher={ACM}
}


@book{lobo2007parameter,
  title={Parameter setting in evolutionary algorithms},
  author={Lobo, FJ and Lima, Cl{\'a}udio F and Michalewicz, Zbigniew},
  volume={54},
  year={2007},
  publisher={Springer Science \& Business Media}
}

@article{wolpert1997no,
  title={No free lunch theorems for optimization},
  author={Wolpert, David H and Macready, William G},
  journal={Evolutionary Computation, IEEE Transactions on},
  volume={1},
  number={1},
  pages={67--82},
  year={1997},
  publisher={IEEE}
}

@article{eiben1999parameter,
  title={Parameter control in evolutionary algorithms},
  author={Eiben, Agoston Endre and Hinterding, Robert and Michalewicz, Zbigniew},
  journal={Evolutionary Computation, IEEE Transactions on},
  volume={3},
  number={2},
  pages={124--141},
  year={1999},
  publisher={IEEE}
}

@article{brest2006self,
  title={Self-adapting control parameters in differential evolution: a comparative study on numerical benchmark problems},
  author={Brest, Janez and Greiner, Sa{\v{s}}o and Bo{\v{s}}kovi{\'c}, Borko and Mernik, Marjan and Zumer, Viljem},
  journal={Evolutionary Computation, IEEE Transactions on},
  volume={10},
  number={6},
  pages={646--657},
  year={2006},
  publisher={IEEE}
}

@inproceedings{Fogarty1989,
 author = {Fogarty, Terence C.},
 title = {Varying the Probability of Mutation in the Genetic Algorithm},
 booktitle = {Proceedings of the Third International Conference on Genetic Algorithms},
 year = {1989},
 isbn = {1-55860-006-3},
 location = {George Mason University, USA},
 pages = {104--109},
 numpages = {6},
 url = {http://dl.acm.org/citation.cfm?id=93126.93162},
 acmid = {93162},
 publisher = {Morgan Kaufmann Publishers Inc.},
 address = {San Francisco, CA, USA},
}

@article{schraudolph1992dynamic,
  title={Dynamic parameter encoding for genetic algorithms},
  author={Schraudolph, Nicol N and Belew, Richard K},
  journal={Machine learning},
  volume={9},
  number={1},
  pages={9--21},
  year={1992},
  publisher={Springer}
}

@inproceedings{shaefer1987argot,
  title={ARGOT strategy: adaptive respresentation genetic optimizer technique},
  author={Shaefer, Craig G},
  booktitle={Genetic algorithms and their applications: proceedings of the second International Conference on Genetic Algorithms: July 28-31, 1987 at the Massachusetts Institute of Technology, Cambridge, MA},
  year={1987},
  organization={Hillsdale, NJ: L. Erlhaum Associates, 1987.}
}

@inproceedings{qin2005self,
  title={Self-adaptive differential evolution algorithm for numerical optimization},
  author={Qin, A Kai and Suganthan, Ponnuthurai N},
  booktitle={Evolutionary Computation, 2005. The 2005 IEEE Congress on},
  volume={2},
  pages={1785--1791},
  year={2005},
  organization={IEEE}
}

@incollection{omran2005self,
  title={Self-adaptive differential evolution},
  author={Omran, Mahamed GH and Salman, Ayed and Engelbrecht, Andries P},
  booktitle={Computational intelligence and security},
  pages={192--199},
  year={2005},
  publisher={Springer}
}
@inproceedings{yang2008self,
  title={Self-adaptive differential evolution with neighborhood search},
  author={Yang, Zhenyu and Tang, Ke and Yao, Xin},
  booktitle={Evolutionary Computation, 2008. CEC 2008.(IEEE World Congress on Computational Intelligence). IEEE Congress on},
  pages={1110--1116},
  year={2008},
  organization={IEEE}
}
@article{cortes1995support,
  title={Support-vector networks},
  author={Cortes, Corinna and Vapnik, Vladimir},
  journal={Machine learning},
  volume={20},
  number={3},
  pages={273--297},
  year={1995},
  publisher={Springer}
}

@article{breiman2001random,
  title={Random forests},
  author={Breiman, Leo},
  journal={Machine learning},
  volume={45},
  number={1},
  pages={5--32},
  year={2001},
  publisher={Springer}
}

@article{chapelle2002choosing,
  title={Choosing multiple parameters for support vector machines},
  author={Chapelle, Olivier and Vapnik, Vladimir and Bousquet, Olivier and Mukherjee, Sayan},
  journal={Machine learning},
  volume={46},
  number={1-3},
  pages={131--159},
  year={2002},
  publisher={Springer}
}
@article{cherkassky2004practical,
  title={Practical selection of SVM parameters and noise estimation for SVM regression},
  author={Cherkassky, Vladimir and Ma, Yunqian},
  journal={Neural networks},
  volume={17},
  number={1},
  pages={113--126},
  year={2004},
  publisher={Elsevier}
}

@article{bergstra2012random,
  title={Random search for hyper-parameter optimization},
  author={Bergstra, James and Bengio, Yoshua},
  journal={The Journal of Machine Learning Research},
  volume={13},
  number={1},
  pages={281--305},
  year={2012},
  publisher={JMLR. org}
}

@article{bengio2000gradient,
  title={Gradient-based optimization of hyperparameters},
  author={Bengio, Yoshua},
  journal={Neural computation},
  volume={12},
  number={8},
  pages={1889--1900},
  year={2000},
  publisher={MIT Press}
}

@incollection{larsen1998adaptive,
  title={Adaptive regularization in neural network modeling},
  author={Larsen, Jan and Svarer, Claus and Andersen, Lars Nonboe and Hansen, Lars Kai},
  booktitle={Neural Networks: Tricks of the Trade},
  pages={113--132},
  year={1998},
  publisher={Springer}
}

@article{lerman1980fitting,
  title={Fitting segmented regression models by grid search},
  author={Lerman, PM},
  journal={Applied Statistics},
  pages={77--84},
  year={1980},
  publisher={JSTOR}
}

@article{hsu2003practical,
  title={A practical guide to support vector classification},
  author={Hsu, Chih-Wei and Chang, Chih-Chung and Lin, Chih-Jen and others},
  year={2003}
}

@article{jimenez2009finding,
  title={Finding optimal model parameters by deterministic and annealed focused grid search},
  author={Jim{\'e}nez, {\'A}lvaro Barbero and L{\'a}zaro, Jorge L{\'o}pez and Dorronsoro, Jos{\'e} R},
  journal={Neurocomputing},
  volume={72},
  number={13},
  pages={2824--2832},
  year={2009},
  publisher={Elsevier}
}

@article{akay2009support,
  title={Support vector machines combined with feature selection for breast cancer diagnosis},
  author={Akay, Mehmet Fatih},
  journal={Expert systems with applications},
  volume={36},
  number={2},
  pages={3240--3247},
  year={2009},
  publisher={Elsevier}
}

@article{harman2009search,
  title={Search based software engineering: A comprehensive analysis and review of trends techniques and applications},
  author={Harman, Mark and Mansouri, S Afshin and Zhang, Yuanyuan},
  journal={Department of Computer Science, King’s College London, Tech. Rep. TR-09-03},
  year={2009}
}

@article{ali2010systematic,
  title={A systematic review of the application and empirical investigation of search-based test case generation},
  author={Ali, Shaukat and Briand, Lionel C and Hemmati, Hadi and Panesar-Walawege, Rajwinder K},
  journal={Software Engineering, IEEE Transactions on},
  volume={36},
  number={6},
  pages={742--762},
  year={2010},
  publisher={IEEE}
}

@article{arcuri2013parameter,
  title={Parameter tuning or default values? An empirical investigation in search-based software engineering},
  author={Arcuri, Andrea and Fraser, Gordon},
  journal={Empirical Software Engineering},
  volume={18},
  number={3},
  pages={594--623},
  year={2013},
  publisher={Springer}
}

@incollection{paterson2015parameter,
  title={Parameter Control in Search-Based Generation of Unit Test Suites},
  author={Paterson, David and Turner, Jonathan and White, Thomas and Fraser, Gordon},
  booktitle={Search-Based Software Engineering},
  pages={141--156},
  year={2015},
  publisher={Springer}
}

@inproceedings{sayyad2013parameter,
  title={On parameter tuning in search based software engineering: A replicated empirical study},
  author={Sayyad, Abdel Salam and Goseva-Popstojanova, Katerina and Menzies, Tim and Ammar, Hany},
  booktitle={Replication in Empirical Software Engineering Research (RESER), 2013 3rd International Workshop on},
  pages={84--90},
  year={2013},
  organization={IEEE}
}


@inproceedings{corazza2010effective,
  title={How effective is tabu search to configure support vector regression for effort estimation?},
  author={Corazza, Anna and Di Martino, Sergio and Ferrucci, Filomena and Gravino, Carmine and Sarro, Federica and Mendes, Emilia},
  booktitle={Proceedings of the 6th international conference on predictive models in software engineering},
  pages={4},
  year={2010},
  organization={ACM}
}

@article{mayer1998tabu,
  title={Tabu search not an optimal choice for models of agricultural systems},
  author={Mayer, DG and Belward, JA and Burrage, K},
  journal={Agricultural Systems},
  volume={58},
  number={2},
  pages={243--251},
  year={1998},
  publisher={Elsevier}
}

@inproceedings{tantithamthavorn2016automated,
  title={Automated Parameter Optimization of Classification Techniques for Defect Prediction Models},
  author={Tantithamthavorn, Chakkrit and McIntosh, Shane and Hassan, Ahmed E and Matsumoto, Kenichi},
 series = {To Appear ICSE '2016}
}

@article{kuhn2008caret,
  title={Caret package},
  author={Kuhn, Max},
  journal={Journal of Statistical Software},
  volume={28},
  number={5},
  year={2008}
}

@inproceedings{white2015toward,
  title={Toward deep learning software repositories},
  author={White, Martin and Vendome, Christopher and Linares-V{\'a}squez, Mario and Poshyvanyk, Denys},
  booktitle={Mining Software Repositories (MSR), 2015 IEEE/ACM 12th Working Conference on},
  pages={334--345},
  year={2015},
  organization={IEEE}
}

@inproceedings{lam2015combining,
  title={Combining Deep Learning with Information Retrieval to Localize Buggy Files for Bug Reports (N)},
  author={Lam, An Ngoc and Nguyen, Anh Tuan and Nguyen, Hoan Anh and Nguyen, Tien N},
  booktitle={Automated Software Engineering (ASE), 2015 30th IEEE/ACM International Conference on},
  pages={476--481},
  year={2015},
  organization={IEEE}
}

@article{bengio2009learning,
  title={Learning deep architectures for AI},
  author={Bengio, Yoshua},
  journal={Foundations and trends{\textregistered} in Machine Learning},
  volume={2},
  number={1},
  pages={1--127},
  year={2009},
  publisher={Now Publishers Inc.}
}

@article{zhou2014big,
  title={Big data opportunities and challenges: discussions from data analytics perspectives [discussion forum]},
  author={Zhou, Zhi-Hua and Chawla, Nitesh V and Jin, Yaochu and Williams, Greg J},
  journal={Computational Intelligence Magazine, IEEE},
  volume={9},
  number={4},
  pages={62--74},
  year={2014},
  publisher={IEEE}
}

@article{ram1996parallel,
  title={Parallel simulated annealing algorithms},
  author={Ram, D Janaki and Sreenivas, TH and Subramaniam, K Ganapathy},
  journal={Journal of parallel and distributed computing},
  volume={37},
  number={2},
  pages={207--212},
  year={1996},
  publisher={Elsevier}
}

@article{maclaurin2015gradient,
  title={Gradient-based hyperparameter optimization through reversible learning},
  author={Maclaurin, Dougal and Duvenaud, David and Adams, Ryan P},
  journal={arXiv preprint arXiv:1502.03492},
  year={2015}
}